@incollection{sridhar_video_2011,
	title = {From video to {RCC8:} exploiting a distance based semantics to stabilise the interpretation of mereotopological relations},
	shorttitle = {From video to {RCC8}},
	url = {http://link.springer.com/chapter/10.1007/978-3-642-23196-4_7},
	urldate = {2013-09-18},
	booktitle = {Spatial Information Theory},
	publisher = {Springer},
	author = {Sridhar, Muralikrishna and Cohn, Anthony G. and Hogg, David C.},
	year = {2011},
	pages = {110â€“125},
	file = {FromVideoToRCC8.pdf:files/218/FromVideoToRCC8.pdf:application/pdf}
}
@inproceedings{papageorgiou1998general,
  title={A general framework for object detection},
  author={Papageorgiou, Constantine P and Oren, Michael and Poggio, Tomaso},
  booktitle={Computer Vision, 1998. Sixth International Conference on},
  pages={555--562},
  year={1998},
  organization={IEEE}
}
@misc{abGame,
	title = {{Angry} {Birds} {Chrome}},
	url = {http://chrome.angrybirds.com/},
	urldate = {2013-01-31},
      year = {2013},
      author = {Rovio},
	howpublished = {http://chrome.angrybirds.com/},
}
@misc{abCompetition,
	title = {{Angry} {Birds}: {AI} {Competition}},
	url = {http://www.aibirds.org},
	urldate = {2013-01-31},
      author = {AI13},
      year = {2013},
	howpublished = {http://www.aibirds.org},

}
@inproceedings{Sadeghi13,
  title={Efficient Extraction and Representation of Spatial Information from Video Data},
  author={Sadeghi Sokeh, H. and Gould, S. and Renz, J.}, 
  booktitle={Proceedings of {IJCAI-13}},
  year={2013},
}