@article{cohn2008qualitative,
  title={Qualitative spatial representation and reasoning},
  author={Cohn, A.G. and Renz, J.},
  journal={Foundations of Artificial Intelligence},
  volume={3},
  pages={551--596},
  year={2008},
  publisher={Elsevier}
}
@incollection{renz2005weak,
  title={Weak composition for qualitative spatial and temporal reasoning},
  author={Renz, Jochen and Ligozat, G{\'e}rard},
  booktitle={Principles and Practice of Constraint Programming-CP 2005},
  pages={534--548},
  year={2005},
  publisher={Springer}
}
@article{duntsch2001relation,
  title={A relation--algebraic approach to the region connection calculus},
  author={D{\"u}ntsch, Ivo and Wang, Hui and McCloskey, Steve},
  journal={Theoretical Computer Science},
  volume={255},
  number={1},
  pages={63--83},
  year={2001},
  publisher={Elsevier}
}
@article{caldwell_unlocking_2005,
  title = {Unlocking the Mysteries of the Bounding Box},
  volume = {A},
  url = {http://www.sunysb.edu/libmap/coordinates/seriesa/no2/a2.pdf},
  abstract = {Few geospatial data representations are more basic than the bounding box; a rectangle surrounding a geographic feature or dataset. Bounding boxes are a key component of geospatial metadata and lie at the heart of many computational geometry algorithms as well as spatial indexing systems. Despite their ubiquity and common use, bounding boxes are more complicated than they first appear. The phrase that 'spatial is special' applies to this humble representation as well as to more sophisticated geospatial representations. This paper explores the nuances of correctly understanding, using, and interpreting bounding boxes.},
  number = {2},
  journal = {Coordinates},
  author = {Caldwell, Douglas R.},
  month = aug,
  year = {2005},
  keywords = {bbox, mbr},
  pages = {1–20}
}
@misc{abChallenge,
	title = {{Angry} {Birds}: {AI} {Challenge}},
	url = {http://ai2012.web.cse.unsw.edu.au/abc.html},
	urldate = {2013-01-31},
      author = {AI12},
      year = {2012},
	howpublished = {http://ai2012.web.cse.unsw.edu.au/abc.html},

}
@misc{abGame,
	title = {{Angry} {Birds} {Chrome}},
	url = {http://chrome.angrybirds.com/},
	urldate = {2013-01-31},
      year = {2013},
      author = {Rovio},
	howpublished = {http://chrome.angrybirds.com/},
}

@misc{abVideo,
	title = {In the wild world of Angry Birds, man triumphs over machine},
	url = {http://www.smh.com.au/digital-life/games/in-the-wild-world-of-angry-birds-man-triumphs-over-machine-20121206-2ay9c.html},
	urldate = {2013-01-31},
      year = {2012},
      author = {James Robertson},
      publisher = {smh},
	howpublished = {http://www.smh.com.au/digital-life/games/in-the-wild-world-of-angry-birds-man-triumphs-over-machine-20121206-2ay9c.html},
}
@inproceedings{BalbianiCC98,
  author    = {Philippe Balbiani and
               Jean-Fran\c{c}ois Condotta and
               Luis Fari{\~n}as del Cerro},
  title     = {A Model for Reasoning about Bidemsional Temporal Relations},
  booktitle = {KR},
  year      = {1998},
  pages     = {124-130},
  bibsource = {DBLP, http://dblp.uni-trier.de}
}
@inproceedings{balbiani1999new,
  title={A new tractable subclass of the rectangle algebra},
  author={Balbiani, Philippe and Condotta, Jean-Fran{\c{c}}ois and Fari  as del Cerro, L},
  booktitle={International Joint Conference On Artificial Intelligence},
  volume={16},
  pages={442--447},
  year={1999},
}
@article{allen_maintaining_1983,
	title = {Maintaining knowledge about temporal intervals},
	volume = {26},
	issn = {0001-0782},
	url = {http://doi.acm.org/10.1145/182.358434},
	doi = {10.1145/182.358434},
	number = {11},
	journal = {Commun. {ACM}},
	author = {Allen, James F.},
	month = nov,
	year = {1983},
	keywords = {interval reasoning, interval representation, temporal interval},
	pages = {832--843}
}
@article{goyal2001similarity,
  title={Similarity of cardinal directions},
  author={Goyal, R. and Egenhofer, M.},
  journal={Advances in Spatial and Temporal Databases},
  pages={36--55},
  year={2001},
  publisher={Springer}
}
@article{cohn2012thinking,
  title={Thinking Inside the Box: A Comprehensive Spatial Representation for Video Analysis},
  author={Cohn, A.G. and Renz, J. and Sridhar, M.},
  journal={Proceedings of KR},
  volume={12},
  year={2012}
}
@article{randell1992spatial,
  title={A spatial logic based on regions and connection},
  author={Randell, D.A. and Cui, Z. and Cohn, A.G.},
  journal={KR},
  volume={92},
  pages={165--176},
  year={1992},
  publisher={Citeseer}
}
@article{ligozat_reasoning_1998,
	title = {Reasoning about Cardinal Directions},
	volume = {9},
	number = {1},
	journal = {J. Vis. Lang. Comput.},
	author = {Ligozat, Gerard},
	year = {1998},
	pages = {23--44}
}
@book{stollnitz1996wavelets,
  title={Wavelets for computer graphics: theory and applications},
  author={Stollnitz, E.J. and DeRose, T.D. and Salesin, D.H.},
  year={1996},
  publisher={Morgan Kaufmann}
}
@article{chaudhuri2007simple,
  title={A simple method for fitting of bounding rectangle to closed regions},
  author={Chaudhuri, D and Samal, A},
  journal={Pattern recognition},
  volume={40},
  number={7},
  pages={1981--1989},
  year={2007},
  publisher={Elsevier}
}
@article{nakagawa1979note,
  title={A note on polygonal and elliptical approximation of mechanical parts},
  author={Nakagawa, Yasuo and Rosenfeld, Azriel},
  journal={Pattern Recognition},
  volume={11},
  number={2},
  pages={133--142},
  year={1979},
  publisher={Elsevier}
}
@inproceedings{forbus_qualitative_1987,
  title = {Qualitative kinematics: A framework},
  booktitle = {Proceedings of {IJCAI-87}},
  author = {Forbus, Kenneth D. and Nielsen, Paul and Faltings, Boi},
  year = {1987},
  pages = {430–436}
}
@article{blum_stability_1970,
  title = {A stability test for configurations of blocks},
  author = {Blum, M. and Griffith, A. and Neumann, B.},
  year = {1970}
}
@article{cohn2001qualitative,
  title={Qualitative spatial representation and reasoning: An overview},
  author={Cohn, A.G. and Hazarika, S.M.},
  journal={Fundamenta Informaticae},
  volume={46},
  number={1-2},
  pages={1--29},
  year={2001},
  publisher={IOS Press}
}
@book{Renz2002,
 author = {Renz, Jochen},
 title = {Qualitative spatial reasoning with topological information},
 year = {2002},
 isbn = {3-540-43346-5},
 publisher = {Springer-Verlag},
 address = {Berlin, Heidelberg},
}
@article{Siskind200391,
title = "Reconstructing force-dynamic models from video sequences",
journal = "Artificial Intelligence",
volume = "151",
number = "12",
pages = "91 - 154",
year = "2003",
note = "",
issn = "0004-3702",
doi = "10.1016/S0004-3702(03)00112-7",
url = "http://www.sciencedirect.com/science/article/pii/S0004370203001127",
author = "Jeffrey Mark Siskind",
keywords = "Machine vision",
keywords = "Grounded lexical semantics",
keywords = "Event perception",
keywords = "Stability analysis",
keywords = "Perceiver framework",
keywords = "Circumscription",
keywords = "Knowledge representation",
keywords = "Physical reasoning",
keywords = "Perceptual inference",
keywords = "Knowledge-based perception"
}
@article{gottfried2003tripartite,
  title={Tripartite Line Tracks--Bipartite Line Tracks},
  author={Gottfried, B.},
  journal={KI 2003: Advances in Artificial Intelligence},
  pages={535--549},
  year={2003},
  publisher={Springer}
}
@article{gerevini2002combining,
  title={Combining topological and size information for spatial reasoning},
  author={Gerevini, Alfonso and Renz, Jochen},
  journal={Artificial Intelligence},
  volume={137},
  number={1},
  pages={1--42},
  year={2002},
  publisher={Elsevier}
}
@INPROCEEDINGS{Renz98efficientmethods,
    author = {Jochen Renz and Bernhard Nebel},
    title = {Efficient methods for qualitative spatial reasoning},
    booktitle = { Proceedings of the 13th European Conference on Artificial Intelligence},
    year = {1998},
    pages = {562--566},
    publisher = {Wiley}
}
@INPROCEEDINGS{Forbus94qualitativespatial,
    author = {Kenneth D. Forbus},
    title = {Qualitative Spatial Reasoning: Framework and Frontiers},
    booktitle = {In},
    year = {1994},
    pages = {183--202},
    publisher = {MIT Press}
}
@book{revisit_2010,
author = {Abhinav Gupta and Alexei A. Efros and Martial Hebert},
title = {{Blocks World Revisited: Image Understanding Using Qualitative Geometry and Mechanics}},
booktitle = {European Conference on Computer Vision},
year = {2010},
pages = {482--496},
doi = {10.1007/978-3-642-15561-1_35},
masid = {13995816}
}
@article{forbus1991qualitative,
  title={Qualitative spatial reasoning: the CLOCK project},
  author={Forbus, Kenneth D and Nielsen, Paul and Faltings, Boi},
  journal={Artificial Intelligence},
  volume={51},
  number={1},
  pages={417--471},
  year={1991},
  publisher={Elsevier}
}
@misc{aibirds,
  title = {{Angry} {Birds} {AI} {Competition}},
  url = {http://www.aibirds.org/},
  urldate = {2013-04-22},
      year = {2013},
      author = {AIBirds},
  howpublished = {http://www.aibirds.org/}
}
@inproceedings{rajagopalan1994qualitative,
  title={Qualitative spatial reasoning about objects in motion: Application to physics problem solving},
  author={Rajagopalan, R. and Kuipers, B.},
  booktitle={Artificial Intelligence for Applications, 1994., Proceedings of the Tenth Conference on},
  pages={238--245},
  year={1994},
  organization={IEEE}
}
@inproceedings{Sadeghi13,
  title={Efficient Extraction and Representation of Spatial Information from Video Data},
  author={Sadeghi Sokeh, H. and Gould, S. and Renz, J.}, 
  booktitle={Proceedings of {IJCAI-13}},
  year={2013},
}